@article{huber2009new,
  title={New international formulation for the viscosity of H 2 O},
  author={Huber, Marcia L and Perkins, Richard A and Laesecke, A and Friend, Daniel G and Sengers, Jan V and Assael, Marc J and Metaxa, Ifigenia N and Vogel, Eckhard and Mare{\v{s}}, R and Miyagawa, Kiyoshi},
  journal={Journal of Physical and Chemical Reference Data},
  volume={38},
  number={2},
  pages={101--125},
  year={2009},
  publisher={American Institute of Physics for the National Institute of Standards and~…}
}
@article{wagner2002iapws,
  title={The IAPWS formulation 1995 for the thermodynamic properties of ordinary water substance for general and scientific use},
  author={Wagner, Wolfgang and Pru{\ss}, Andreas},
  journal={Journal of physical and chemical reference data},
  volume={31},
  number={2},
  pages={387--535},
  year={2002},
  publisher={American Institute of Physics for the National Institute of Standards and~…}
}
@article{Driesner2007Part1,
author = {Driesner, Thomas and Heinrich, Christoph A.},
doi = {10.1016/j.gca.2006.01.033},
issn = {00167037},
journal = {Geochimica et Cosmochimica Acta},
mendeley-groups = {SaltWaterEOS},
number = {20},
pages = {4880--4901},
title = {{The system H2O-NaCl. Part I: Correlation formulae for phase relations in temperature-pressure-composition space from 0 to 1000 °C, 0 to 5000 bar, and 0 to 1 XNaCl}},
volume = {71},
year = {2007}
}
@article{Driesner2007Part2,
author = {Driesner, Thomas},
doi = {10.1016/j.gca.2007.05.026},
issn = {00167037},
journal = {Geochimica et Cosmochimica Acta},
mendeley-groups = {SaltWaterEOS},
number = {20},
pages = {4902--4919},
title = {{The system H2O-NaCl. Part II: Correlations for molar volume, enthalpy, and isobaric heat capacity from 0 to 1000 °C, 1 to 5000 bar, and 0 to 1 XNaCl}},
volume = {71},
year = {2007}
}
@article{Klyukin2020,
author = {Klyukin, Yury I. and Haroldson, Erik L. and Steele-MacInnis, Matthew},
doi = {10.1016/j.chemgeo.2020.119840},
issn = {00092541},
journal = {Chemical Geology},
keywords = {Fluid inclusions,Fluid phase equilibria,H2O-NaCl,Hydrothermal fluids,Microthermometry,Mineral solubility,Salinity},
mendeley-groups = {SaltWaterEOS},
number = {August},
pages = {119840},
publisher = {Elsevier},
title = {{A comprehensive numerical model for the thermodynamic and transport properties of H2O-NaCl fluids}},
url = {https://doi.org/10.1016/j.chemgeo.2020.119840},
volume = {557},
year = {2020}
}

