@article{kawada2010formation,
	title={Formation of a hydrothermal reservoir due to anhydrite precipitation in an arc volcano hydrothermal system},
	author={Kawada, Yoshifumi and Yoshida, Shigeo},
	journal={Journal of Geophysical Research: Solid Earth},
	volume={115},
	number={B11},
	year={2010},
	publisher={Wiley Online Library}
}

@article{hasenclever2014hybrid,
	title={Hybrid shallow on-axis and deep off-axis hydrothermal circulation at fast-spreading ridges},
	author={Hasenclever, J{\"o}rg and Theissen-Krah, Sonja and R{\"u}pke, Lars H and Morgan, Jason P and Iyer, Karthik and Petersen, Sven and Devey, Colin W},
	journal={Nature},
	volume={508},
	number={7497},
	pages={508},
	year={2014},
	publisher={Nature Publishing Group}
}

}

@book{wagner2007international,
	title={International Steam Tables-Properties of Water and Steam based on the Industrial Formulation IAPWS-IF97: Tables, Algorithms, Diagrams, and CD-ROM Electronic Steam Tables-All of the equations of IAPWS-IF97 including a complete set of supplementary backward equations for fast calculations of heat cycles, boilers, and steam turbines},
	author={Wagner, Wolfgang and Kretzschmar, Hans-Joachim},
	year={2007},
	publisher={Springer Science \& Business Media}
}

@article{weis2014hydrothermal,
	title={Hydrothermal, multiphase convection of H2O-NaCl fluids from ambient to magmatic temperatures: a new numerical scheme and benchmarks for code comparison},
	author={Weis, Philipp and Driesner, Thomas and Coumou, Dim and Geiger, Sebastian},
	journal={Geofluids},
	volume={14},
	number={3},
	pages={347--371},
	year={2014},
	publisher={Wiley Online Library}
}